@misc{at32ap7000,
title = "Atmel AT32AP7000 data sheet",
year = 2009,
author = "Atmel Corporation",
howpublished = "\url{http://www.atmel.com/images/doc32003.pdf}",
note = "[Rev. M 09/09]"
}

@misc{avr32,
title = "Atmel AVR32 data sheet",
year = 2011,
author = "Atmel Corporation",
howpublished = "\url{http://www.atmel.com/images/doc32000.pdf}",
note = "[Rev. 32000D-04/2011]"
}
